@book{textbook,
  author = {John M. Lee},
  year = {2012},
  title = {\textit{Introduction to Smooth Manifold}},
  edition = {2},
  publisher = {Springer: New York}
}