@book {KnotBook,
    author = "C. Adams",
     title = "The Knot Book",
     publisher = "W.H. Freeman and Company",
     address = "Providence, RI",
      year = "2000",}

